% Bibliografía

% Este fichero contiene la bibliografía de la memoria
% Está en un formato que se conoce como BibTex.
% Hay muchos sitios web que exportan referencias en formato BibTeX. 
% Prueba a buscar en http://scholar.google.com por referencias
% y verás que lo puedes hacer de manera sencilla.
% Más información: 
% http://texblog.org/2014/04/22/using-google-scholar-to-download-bibtex-citations/

% Existen varias posibilidades para referenciar diferentes tipos de documentos,
% ya que los datos necesarios varían. Así, existen formatos de entrada para
%     * libros (book)
%     * artículos en revistas de investigación (article)
%     * capítulos de libro (incollection)
%     * informes técnicos (techreport)
%     * otros (misc)
%
% Las páginas web deberían ir como misc.

% Una última cosa: no referencias nunca la WikiPedia
% La WikiPedia, como buena enciclopedia, no es fuente primaria.
% Si acaso, busca por citas en la WikiPedia (que sí ha de referenciar fuentes
% primarias) y haz referencia a las mismas.

@Misc{webstatista,
  title =  {Art{\'{i}}culo sobre cantidad de datos},
  note =   {\\ https://es.statista.com/grafico/17734/cantidad-real-y-prevista-de-datos-generados-en-todo-el-mundo/}
}

@Book{machinelearning,
  author = 	 {Stephen Marsland},
  title = 	 {Machine Learning: An Algorithmic Perspective},
  publisher = 	 {CRC Press},
  year = 	 2015
}

@Misc{htmlw3,
  title =  {P{\'{a}}gina sobre {HTML}},
  note =   {\\ https://www.w3schools.com/html/html5\_intro.asp}
}
 
@Misc{htmlwhat,
  title =  {P{\'{a}}gina sobre {HTML}},
  note =   {\\ https://html.spec.whatwg.org/multipage/}
}

@Misc{typescript,
  title =  {P{\'{a}}gina oficial de {T}ypeScript},
  note =   {\\ https://www.typescriptlang.org/}
}

@Misc{nodejs,
  title =  {P{\'{a}}gina oficial de {N}ode.js},
  note =   {\\ https://nodejs.org/es/}
}

@Misc{json,
  title =  {P{\'{a}}gina oficial de {JSON}},
  note =   {\\ http://www.json.org/json-es.html}
}


@Misc{angular,
  title =  {P{\'{a}}gina de {A}ngular},
  note =   {\\ https://angular.io}
}

@Misc{mvc,
  title =  {Características y ventajas de la arquitectura MVC},
  note =   {\\ https://marketiweb.com/empresa/blog/item/114-que-es-la-arquitectura-mvc-y-cuales-son-sus-ventajas}
}

@Misc{angularcli,
  title =  {P{\'{a}}gina de {A}ngular {C}li},
  note =   {\\ https://cli.angular.io}
}

@Misc{tensorflow,
  title =  {P{\'{a}}gina de {T}ensor{F}loe},
  note =   {\\ https://www.tensorflow.org/}
}

@article{mobilenets,
  title={Mobilenets: Efficient convolutional neural networks for mobile vision applications},
  author={Howard, Andrew G and Zhu, Menglong and Chen, Bo and Kalenichenko, Dmitry and Wang, Weijun and Weyand, Tobias and Andreetto, Marco and Adam, Hartwig},
  journal={arXiv preprint arXiv:1704.04861},
  year={2017}
}

%author={Mosquera, Rodolfo AND Castrill{\'{o}}n, Omar D. AND Parra, Liliana},
@article{articulobayes,
   title = {{M{\'{a}}quinas de Soporte Vectorial, Clasificador Naive Bayes y Algoritmos Gen{\'{e}}ticos para la Predicción de Riesgos Psicosociales en Docentes de Colegios P{\'{u}}blicos Colombianos}},
   journal = {{Informaci{\'{o}}n Tecnol{\'{o}}gica}},
   ISSN = {0718-0764},
   language = {es},
   URL = {http://www.scielo.cl/scielo.php?script=sci_arttext&pid=S0718-07642018000600153&nrm=iso},
   volume = {29},
   year = {2018},
   month = {12},
   pages = {153 - 162},
   publisher = {scielocl},
}

@inproceedings{knn1,
  title={Investigating the performance of naive-bayes classifiers and k-nearest neighbor classifiers},
  author={Islam, Mohammed J and Wu, QM Jonathan and Ahmadi, Majid and Sid-Ahmed, Maher A},
  booktitle={2007 International Conference on Convergence Information Technology (ICCIT 2007)},
  pages={1541--1546},
  year={2007},
  organization={IEEE}
}

@article{knn2,
  title={Comparative study of chronic kidney disease prediction using KNN and SVM},
  author={Sinha, Parul and Sinha, Poonam},
  journal={International Journal of Engineering Research and Technology},
  volume={4},
  number={12},
  pages={608--12},
  year={2015}
}

@misc{ejemploknn,
  title={Clasificadores Knn-I},
  author={Mur, Ricardo Aler},
  publisher={OpenCourseWare}
}

@Book{bonabeau:_swarm,
  author = 	 {Eric Bonabeau and Marco Dorigo and Guy Theraulaz},
  title = 	 {Swarm Intelligence: From Natural to Articial Systems},
  publisher = 	 {Oxford University Press, Inc.},
  year = 	 1999
}

@Article{parnas72:_modules,
 author = {David L. Parnas},
 title = {On the criteria to be used in decomposing systems into modules},
 journal = CACM,
 volume = 15,
 year = 1972,
 pages = {1053-1058}
}

@InCollection{GBarahona04:_debian,
   author =       {González-Barahona, Jesús M. and Robles, Gregorio and
                   Ortuño Pérez, Miguel and Rodero-Merino, Luis and
                   Centeno González, José and Matellan-Olivera, Vicente and
                   Castro-Barbero, Eva and de-las-Heras-Quirós, Pedro},
   title =        {Analyzing the anatomy of {GNU/L}inux distributions:
                   methodology and case studies ({R}ed {H}at and {D}ebian)},
   pages =        {27-58},
   editor =       {Koch, Stefan},
   booktitle =    {Free/Open Source Software Development},
   publisher =    {Idea Group Publishing},
   address =      {Hershey, Pennsylvania, USA},
   year =         {2004},
}

@TechReport{ghosh02:_developer_survey,
  author = 	 {Rishab Aiyer Ghosh and Ruediger Glott and Bernhard Krieger and Gregorio Robles},
  title = 	 {Survey of Developers (Free/Libre and Open Source Software: Survey and Study)},
  institution =  {International Institute of Infonomics. University of Maastricht},
  year = 	 2002,
  address =	 {The Netherlands},
  month =	 jun,
  note =	 {\\ http://www.infonomics.nl/FLOSS/report}
}

@Misc{wheeler01:_more_than_gigab,
  author =	 {David A. Wheeler},
  title =	 {More Than a Gigabuck: {E}stimating {GNU/L}inux's Size},
  month =	 jun,
  year =	 2001,
  note =	 {\\ http://www.dwheeler.com/sloc/redhat71-v1/redhat71sloc.html}
}

@inproceedings{robles2005self,
  title={Self-organized development in libre software:
         a model based on the stigmergy concept},
  author={Robles, Gregorio and Merelo, Juan Juli\'an 
          and Gonz\'alez-Barahona, Jes\'us M.},
  booktitle={ProSim'05},
  year={2005}
}

@article{garcia2020learningml,
  title={Learningml: A tool to foster computational thinking skills through practical artificial intelligence projects},
  author={Garc{\'\i}a, Juan David Rodr{\'\i}guez and Moreno-Le{\'o}n, Jes{\'u}s and Rom{\'a}n-Gonz{\'a}lez, Marcos and Robles, Gregorio},
  journal={Revista de Educaci{\'o}n a Distancia (RED)},
  volume={20},
  number={63},
  year={2020}
}

@inproceedings{rodriguez2020introducing,
  title={Introducing Artificial Intelligence Fundamentals with LearningML: Artificial Intelligence made easy},
  author={Rodr{\'\i}guez-Garc{\'\i}a, Juan David and Moreno-Le{\'o}n, Jes{\'u}s and Rom{\'a}n-Gonz{\'a}lez, Marcos and Robles, Gregorio},
  booktitle={Eighth International Conference on Technological Ecosystems for Enhancing Multiculturality},
  pages={18--20},
  year={2020}
}

@inproceedings{rodriguez2021evaluation,
  title={Evaluation of an Online Intervention to Teach Artificial Intelligence with LearningML to 10-16-Year-Old Students},
  author={Rodr{\'\i}guez-Garc{\'\i}a, Juan David and Moreno-Le{\'o}n, Jes{\'u}s and Rom{\'a}n-Gonz{\'a}lez, Marcos and Robles, Gregorio},
  booktitle={Proceedings of the 52nd ACM Technical Symposium on Computer Science Education},
  pages={177--183},
  year={2021}
}


